%YAML 1.1
%TAG !u! tag:unity3d.com,2011:
--- !u!244 &-3050233133600576731
AudioMixerEffectController:
  m_ObjectHideFlags: 3
  m_CorrespondingSourceObject: {fileID: 0}
  m_PrefabInstance: {fileID: 0}
  m_PrefabAsset: {fileID: 0}
  m_Name: 
  m_EffectID: e34d9dcdadf9bcb41b29d9e912775b3a
  m_EffectName: Attenuation
  m_MixLevel: aa0334283d9727e47b2718e41cbf2462
  m_Parameters: []
  m_SendTarget: {fileID: 0}
  m_EnableWetMix: 0
  m_Bypass: 0
--- !u!243 &-1837095579555895315
AudioMixerGroupController:
  m_ObjectHideFlags: 0
  m_CorrespondingSourceObject: {fileID: 0}
  m_PrefabInstance: {fileID: 0}
  m_PrefabAsset: {fileID: 0}
  m_Name: Sound
  m_AudioMixer: {fileID: 24100000}
  m_GroupID: 4fb62dac5328f8640a4a3d7739163cb2
  m_Children: []
  m_Volume: 3a672c380ca122142ad3128338105f3f
  m_Pitch: 50bfad77230e072489bc769c39544e5e
  m_Send: 00000000000000000000000000000000
  m_Effects:
  - {fileID: -725282912938230948}
  m_UserColorIndex: 0
  m_Mute: 0
  m_Solo: 0
  m_BypassEffects: 0
--- !u!244 &-725282912938230948
AudioMixerEffectController:
  m_ObjectHideFlags: 3
  m_CorrespondingSourceObject: {fileID: 0}
  m_PrefabInstance: {fileID: 0}
  m_PrefabAsset: {fileID: 0}
  m_Name: 
  m_EffectID: 789f49a96cd55f547b3c7f277c036955
  m_EffectName: Attenuation
  m_MixLevel: e3f50ed96ad1dc247acbb17d43ea6f22
  m_Parameters: []
  m_SendTarget: {fileID: 0}
  m_EnableWetMix: 0
  m_Bypass: 0
--- !u!241 &24100000
AudioMixerController:
  m_ObjectHideFlags: 0
  m_CorrespondingSourceObject: {fileID: 0}
  m_PrefabInstance: {fileID: 0}
  m_PrefabAsset: {fileID: 0}
  m_Name: Mixer
  m_OutputGroup: {fileID: 0}
  m_MasterGroup: {fileID: 24300002}
  m_Snapshots:
  - {fileID: 24500006}
  m_StartSnapshot: {fileID: 24500006}
  m_SuspendThreshold: -80
  m_EnableSuspend: 1
  m_UpdateMode: 0
  m_ExposedParameters: []
  m_AudioMixerGroupViews:
  - guids:
    - b3e27bd75c8cc5549b39b94402280416
    - d560bca9d6be6dc4582a68af8e0cd91e
    - 4fb62dac5328f8640a4a3d7739163cb2
    name: View
  m_CurrentViewIndex: 0
  m_TargetSnapshot: {fileID: 24500006}
--- !u!243 &24300002
AudioMixerGroupController:
  m_ObjectHideFlags: 0
  m_CorrespondingSourceObject: {fileID: 0}
  m_PrefabInstance: {fileID: 0}
  m_PrefabAsset: {fileID: 0}
  m_Name: Master
  m_AudioMixer: {fileID: 24100000}
  m_GroupID: b3e27bd75c8cc5549b39b94402280416
  m_Children:
  - {fileID: 8609157622727940210}
  - {fileID: -1837095579555895315}
  m_Volume: f947883310e9f3140b22f3e11f6e0611
  m_Pitch: ae64d14c3aebb2944a9ced00379d8f67
  m_Send: 00000000000000000000000000000000
  m_Effects:
  - {fileID: 24400004}
  m_UserColorIndex: 0
  m_Mute: 0
  m_Solo: 0
  m_BypassEffects: 0
--- !u!244 &24400004
AudioMixerEffectController:
  m_ObjectHideFlags: 3
  m_CorrespondingSourceObject: {fileID: 0}
  m_PrefabInstance: {fileID: 0}
  m_PrefabAsset: {fileID: 0}
  m_Name: 
  m_EffectID: 67e3c47defc82094e82858bc08a54b58
  m_EffectName: Attenuation
  m_MixLevel: 28488c3e205e6ff42830f2bd2e548878
  m_Parameters: []
  m_SendTarget: {fileID: 0}
  m_EnableWetMix: 0
  m_Bypass: 0
--- !u!245 &24500006
AudioMixerSnapshotController:
  m_ObjectHideFlags: 0
  m_CorrespondingSourceObject: {fileID: 0}
  m_PrefabInstance: {fileID: 0}
  m_PrefabAsset: {fileID: 0}
  m_Name: Snapshot
  m_AudioMixer: {fileID: 24100000}
  m_SnapshotID: 0ebe9c3f81932774c928b007dec57a6d
  m_FloatValues:
    f947883310e9f3140b22f3e11f6e0611: -0.0024418721
  m_TransitionOverrides: {}
--- !u!243 &8609157622727940210
AudioMixerGroupController:
  m_ObjectHideFlags: 0
  m_CorrespondingSourceObject: {fileID: 0}
  m_PrefabInstance: {fileID: 0}
  m_PrefabAsset: {fileID: 0}
  m_Name: Music
  m_AudioMixer: {fileID: 24100000}
  m_GroupID: d560bca9d6be6dc4582a68af8e0cd91e
  m_Children: []
  m_Volume: dd3ebcf38ae572048aaf398b104ad470
  m_Pitch: eb777c5e2b210434783220e4cde132f4
  m_Send: 00000000000000000000000000000000
  m_Effects:
  - {fileID: -3050233133600576731}
  m_UserColorIndex: 0
  m_Mute: 0
  m_Solo: 0
  m_BypassEffects: 0
